@article{199682,
  title={遺伝アルゴリズムにおける熱力学的選択ルールの提案},
  author={森 直樹，吉田 潤二，喜多 一， 西川 禕一},
  journal={システム制御情報学会論文誌},
  volume={9},
  number={2},
  pages={82-90},
  year={1996},
  doi={10.5687/iscie.9.82}
}
